<?xml version="1.0" encoding="UTF-8"?><collection xmlns="http://www.loc.gov/MARC21/slim"><record><leader>00593nam--2200205-i-4500</leader><controlfield tag="001">000035627</controlfield><controlfield tag="002">20161230</controlfield><controlfield tag="005">20161230201040</controlfield><controlfield tag="008">060222s1000------------r-----000-0-fre-d</controlfield><datafield ind1=" " ind2=" " tag="040"><subfield code="a">IFIN-HH</subfield></datafield><datafield ind1=" " ind2=" " tag="041"><subfield code="a">fre</subfield></datafield><datafield ind1=" " ind2=" " tag="080"><subfield code="a">539.143.43</subfield></datafield><datafield ind1="1" ind2=" " tag="100"><subfield code="a">Martin, Maryvonne L</subfield></datafield><datafield ind1="1" ind2="0" tag="245"><subfield code="a">Manuel de resonance magnetique nucleaire</subfield><subfield code="b">Prefaces de r. freymann, h. normant</subfield><subfield code="c">Maryvonne l. martin, gerard j. martin</subfield></datafield><datafield ind1=" " ind2=" " tag="260"><subfield code="a">Paris</subfield><subfield code="b">Azoulay</subfield><subfield code="c">1971</subfield></datafield><datafield ind1=" " ind2=" " tag="300"><subfield code="a">214P</subfield></datafield><datafield ind1=" " ind2=" " tag="490"><subfield code="a">Laboratoires Et Analyses</subfield></datafield><datafield ind1="1" ind2=" " tag="700"><subfield code="a">Martin, Gerard J</subfield></datafield><datafield ind1=" " ind2=" " tag="852"><subfield code="a">35852</subfield><subfield code="c">539.143.43</subfield></datafield><datafield ind1=" " ind2=" " tag="CAT"><subfield code="a">Sys</subfield><subfield code="c">20120507</subfield><subfield code="h">174634</subfield></datafield></record></collection>